<?xml version="1.0" encoding="UTF-8"?><collection xmlns="http://www.loc.gov/MARC21/slim"><record><leader>00545nam--2200169-u-4500</leader><controlfield tag="001">000054160</controlfield><controlfield tag="002">20161230</controlfield><controlfield tag="005">20161230201051</controlfield><controlfield tag="008">110913s1000------------r-----000-0-eng-d</controlfield><datafield ind1=" " ind2=" " tag="040"><subfield code="a">IFIN-HH</subfield></datafield><datafield ind1=" " ind2=" " tag="080"><subfield code="a">535.82(082.2)</subfield></datafield><datafield ind1="1" ind2=" " tag="100"><subfield code="a">Cosslett, V. E</subfield></datafield><datafield ind1="1" ind2="0" tag="245"><subfield code="a">Emcon 72 the fifth european congress on electron microscopy</subfield><subfield code="b">Symposium abstracts 11-12september 1972 universiity of manchester</subfield><subfield code="c">V.e. cosslett</subfield></datafield><datafield ind1=" " ind2=" " tag="260"><subfield code="a">Manchester</subfield><subfield code="b">Universiity Of Manchester</subfield><subfield code="c">1972</subfield></datafield><datafield ind1=" " ind2=" " tag="300"><subfield code="a">148P</subfield></datafield><datafield ind1=" " ind2=" " tag="852"><subfield code="a">70136</subfield><subfield code="c">537.533.35</subfield></datafield><datafield ind1=" " ind2=" " tag="CAT"><subfield code="a">Sys</subfield><subfield code="c">20110913</subfield><subfield code="h">161401</subfield></datafield></record></collection>